@misc{80211k,
    title={{IEEE Radio Resource Measurement Amendment}},
    year={2008}
}

@inproceedings{bahl2006enhancing,
    title={{Enhancing the Security of Corporate Wi-Fi Networks using DAIR}},
    author={Bahl, Paramvir and Chandra, Ranveer and Padhye, Jitendra and
        Ravindranath, Lenin and Singh, Manpreet and Wolman, Alec and Zill,
        Brian},
    booktitle={{ACM MobiSys}},
    pages={1--14},
    year={2006},
    organization={ACM}
}

@inproceedings{chan:nsdi2006,
    title={{A Location-based Management System for Enterprise Wireless LANs}},
    author={R. Chan and J. Padhye and A. Wolman and B. Zill},
    booktitle={{USENIX NSDI}},
    year={2006}
}

@article{chen:mccr2010,
    author = {Xian Chen and Bing Wang and Kyoungwon Suh and Wei Wei},
    title = {{Passive Online Wireless LAN Health Monitoring from a Single Measurement Point}},
    journal = {ACM SIGMOBILE Mobile CCR},
    volume = {14},
    number = {4},
    month = {October},
    year = {2010},
    pages = {19-21}
}

@inproceedings{jigsaw-sigcomm07,
    Author = {Yu-Chung Cheng and Mikhail Afanasyev and Patrick Verkaik and Peter Benko and Jennifer Chiang and Alex C. Snoeren and Stefan Savage and and Geoffrey M. Voelker},
    Booktitle = {ACM SIGCOMM},
    Date-Added = {2008-04-13 11:47:28 -0400},
    Date-Modified = {2008-04-13 11:47:28 -0400},
    Location = {Kyoto, Japan},
    Title = {Automating Cross-Layer Diagnosis of Enterprise Wireless Networks},
    Year = {2007}
}

@inproceedings{jigsaw-sigcomm06,
	Author = {Yu-Chung Cheng and John Bellardo and Peter Benko and Alex C.  Snoeren and Geoffrey M. Voelker and Stefan Savage},
	Booktitle = {ACM SIGCOMM},
	Date-Added = {2008-04-13 11:47:28 -0400},
	Date-Modified = {2008-04-13 11:47:28 -0400},
	Location = {Pisa, Italy},
	Title = {Jigsaw: Solving the Puzzle of Enterprise 802.11 Analysis},
	Year = {2006}
}

@inproceedings{henderson:mobicom2004,
    title={{The Changing Use of a Mature Campus-wide Wireless Network}},
    author={T. Henderson and D. Kotz and I. Abyzov},
    booktitle={{ACM MobiCom}},
    year={2004}
}

@inproceedings{jardosh:imc2005,
    title={{Understanding Congestion in IEEE802.11b Wireless Networks}},
    author={A. P. Jardosh and K. N. Ramachandran and K. C. Almeroth and E. M. Belding-Royer},
    booktitle={{ACM IMC}},
    year={2005}
}

@inproceedings{jardosh:wind2005,
    title={{Understanding Link-Layer Behavior in Highly Congested IEEE 802.11b Wireless Networks}},
    author={A. P. Jardosh and K. N. Ramachandran and K. C. Almeroth and E. M. Belding-Royer},
    booktitle={{ACM E-WIND}},
    year={2005}
}

@article{kosowski2004classical,
    title={{Classical Coloring of Graphs}},
    author={Kosowski, Adrian and Manuszewski, Krzysztof},
    journal={{Graph Colorings}},
    volume={352},
    pages={1--20},
    year={2004},
    publisher={AMS Contemporary Math}
}

@inproceedings{meng:mobicom2004,
    title={{Characterizing Flows in Large Wireless Data Networks}},
    author={X. Meng and S. Wong and Y. Yuan and S. Lu},
    booktitle={{ACM MobiCom}},
    year={2004}
}

@article{mishra2005weighted,
    title={{Weighted Coloring Based Channel Assignment for WLANs}},
    author={Mishra, Arunesh and Banerjee, Suman and Arbaugh, William},
    journal={ACM SIGMOBILE Mobile CCR},
    volume={9},
    number={3},
    pages={19--31},
    year={2005},
    publisher={ACM}
}

@inproceedings{mishra2006client,
    title={{A Client-Driven Approach for Channel Management in Wireless LANs}},
    author={Mishra, Arunesh and Brik, Vladimir and Banerjee, Suman and
        Srinivasan, Aravind and Arbaugh, William A},
    booktitle={{IEEE INFOCOM}},
    year={2006}
}

@inproceedings{nika:hotwireless2014,
    title={{Towards Commoditized Real-time Spectrum Monitoring}},
    author={Ana Nika and Zengbin Zhang and Xia Zhou and Ben Y. Zhao and Haitao Zheng},
    booktitle={{ACM HotWireless}},
    year={2014}
}

@inproceedings{nychis:hotwireless2014,
    title={{Using Your Smartphone to Detect and Map Heterogeneous Networks and Devices in the Home}},
    author={George Nychis and Srinivasan Seshan and Peter Steenkiste},
    booktitle={{ACM HotWireless}},
    year={2014}
}

@inproceedings{schwab:infocom2004,
    title={{Characterizing the Use of a Campus Wireless Network}},
    author={D. Schwab and R. Bunt},
    booktitle={{IEEE INFOCOM}},
    year={2004}
}

@article{sheng:wicom2008,
 author = {Y. Sheng and G. Chen and H. Yin and K. Tan and U. Deshpande and B. Vance and D.
Kotz and A. Campbell and C. McDonald and T. Henderson and J. Wright},
 title = {{Map: a Scalable Monitoring System for Dependable 802.11 Wireless Networks}},
 journal = {{IEEE Wireless Communications}},
 volume = {15},
 number = {5},
 month = {October},
 year = {2008},
 pages = {10 - 18}
} 

@article{tan:tmc2014,
 author = {Keren Tan and Chris McDonald and Bennet Vance and Chrisil Arackaparambil and Sergey Bratus and David Kotz},
 title = {{From MAP to DIST: The Evolution of a Large-Scale WLAN Monitoring System}},
 journal = {IEEE Transactions on Mobile Computing (TMC)},
 volume = {13},
 number = {1},
 month = {January},
 year = {2014},
 pages = {216-229}
} 

@article{hanover2014cutting,
    title={{Cutting Wi-Fi Scan Tax for Smart Devices}},
    author={Tianxing and Xia Zhou and Andrew Campbell},
    journal={Dartmouth Computer Science Technical Report TR2014-752},
    year={2014}
}

@inproceedings{yeo-wise04,
	Author = { Jihwang Yeo and Moustafa Youssef and Ashok Agrawala },
	Booktitle = proc # {ACM Workshop on Wireless Security (WiSe 2004)},
	Date = {October},
	Date-Added = {2008-04-13 11:47:28 -0400},
	Date-Modified = {2008-04-13 11:47:28 -0400},
	Title = {{A Framework for Wireless LAN Monitoring and Its Applications}},
	Year = {2004}
}

@inproceedings{yeo:witmemo2005,
    title={{An Accurate Technique for Measuring the Wireless Side of Wireless Networks}},
    author={J. Yeo and M. Youssef and T. Henderson and A. Agrawala},
    booktitle={{USENIX/ACM WiTMeMo}},
    year={2005}
}


@inproceedings{zhang:hotmobile2015,
    title={{A Wireless Spectrum Analyzer in Your Pocket}},
    author={Tan Zhang and Ashish Patro and Ning Leng and Suman Banerjee},
    booktitle={{ACM HotMobile}},
    year={2015}
}

@inproceedings{zhou:sigmetrics2013,
    title={{Practical Conflict Graphs for Dynamic Spectrum Distribution}},
    author={Xia Zhou and Zengbin Zhang and Gang Wang and Xiaoxiao Yu and Ben Y. Zhao and Haitao Zheng},
    booktitle={{ACM SIGMETRICS}},
    year={2013}
}

@inproceedings{nandugudi2013phonelab,
    title={Phonelab: A large programmable smartphone testbed},
    author={Nandugudi, Anandatirtha and Maiti, Anudipa and Ki, Taeyeon and
        Bulut, Fatih and Demirbas, Murat and Kosar, Tevfik and Qiao,
        Chunming and Ko, Steven Y and Challen, Geoffrey},
    booktitle={Proceedings of First International Workshop on Sensing and
        Big Data Mining},
    pages={1--6},
    year={2013},
    organization={ACM}
}

@inproceedings{striegel2013lessons,
    title={Lessons learned from the netsense smartphone study},
    author={Striegel, Aaron and Liu, Shu and Meng, Lei and Poellabauer,
        Christian and Hachen, David and Lizardo, Omar},
    booktitle={ACM SIGCOMM Computer Communication Review},
    volume={43},
    number={4},
    pages={51--56},
    year={2013},
    organization={ACM}
}
